<?xml version="1.0" encoding="UTF-8"?>
<Document xmlns="urn:iso:std:iso:20022:tech:xsd:camt.053.001.02">
  <BkToCstmrStmt>
    <GrpHdr>
      <MsgId>Message12345</MsgId>
      <CreDtTm>2023-05-16T12:30:00</CreDtTm>
    </GrpHdr>
    <Stmt>
      <Id>Statement12345</Id>
      <CreDtTm>2023-05-15T10:00:00</CreDtTm>
      <Acct>
        <Id>
          <IBAN>DE89370400440532013000</IBAN>
        </Id>
      </Acct>
      <Bal>
        <Tp>
          <CdOrPrtry>
            <Cd>OPBD</Cd>
          </CdOrPrtry>
        </Tp>
        <Amt Ccy="EUR">1000.00</Amt>
        <CdtDbtInd>CRDT</CdtDbtInd>
        <Dt>
          <Dt>2023-05-14</Dt>
        </Dt>
      </Bal>
      <Ntry>
        <Amt Ccy="EUR">-50.00</Amt>
        <CdtDbtInd>DBIT</CdtDbtInd>
        <Sts>BOOK</Sts>
        <BookgDt>
          <Dt>2023-05-14</Dt>
        </BookgDt>
        <ValDt>
          <Dt>2023-05-14</Dt>
        </ValDt>
        <AcctSvcrRef>Ref12345</AcctSvcrRef>
        <BkTxCd>
          <Domn>
            <Cd>PMNT</Cd>
            <Fmly>
              <Cd>ICDT</Cd>
              <SubFmlyCd>DMCT</SubFmlyCd>
            </Fmly>
          </Domn>
        </BkTxCd>
        <NtryDtls>
          <TxDtls>
            <Refs>
              <AcctSvcrRef>Ref67890</AcctSvcrRef>
            </Refs>
            <AmtDtls>
              <TxAmt>
                <Amt Ccy="EUR">-50.00</Amt>
              </TxAmt>
            </AmtDtls>
            <RltdPties>
              <Dbtr>
                <Nm>John Doe</Nm>
                <PstlAdr>
                  <AdrLine>123 Main Street</AdrLine>
                  <AdrLine>City, Country</AdrLine>
                </PstlAdr>
              </Dbtr>
              <Cdtr>
                <Nm>Jane Smith</Nm>
                <PstlAdr>
                  <AdrLine>456 Secondary Street</AdrLine>
                  <AdrLine>Another City, Country</AdrLine>
                </PstlAdr>
              </Cdtr>
            </RltdPties>
            <RmtInf>
              <Ustrd>Payment for invoice #1234</Ustrd>
            </RmtInf>
          </TxDtls>
        </NtryDtls>
      </Ntry>
    </Stmt>
  </BkToCstmrStmt>
</Document>
